@ONLINE{ wastl,
	author = "EDV-Team, FF Krems",
	title = "Der Wastl Infoscreen Version 3 im neuen Design ist da!",
	year = "2013",
	url = "http://www.feuerwehr-krems.at/ShowArtikel.asp?Artikel=8930",
	note = "[Online; abgerufen am 2014-08-05]"
}

@ONLINE{ hdmi,
	author = "Wikipedia",
	title = "High Definition Multimedia Interface",
	year = "2014",
	url = "http://de.wikipedia.org/wiki/High_Definition_Multimedia_Interface",
	note = "[Online; abgerufen am 2014-08-05]"
}

@ONLINE{ rpi,
	author = "Raspberry Pi Foundation",
	title = "What is a Raspberry Pi?",
	year = "2014",
	url = "http://www.raspberrypi.org/",
	note = "[Online; abgerufen am 2014-08-05]"
}

@ONLINE{ rpib1,
	author = "Raspberry Pi Forum; Abishur, Mahjongg and Lorna.",
	title = "Getting Started with the Raspberry Pi",
	year = "2015",
	url = "https://www.raspberrypi.org/forums/viewtopic.php?t=4751",
	note = "[Online; abgerufen am 2015-02-08]"
}

@ONLINE{ rpib2,
	author = "Raspberry Pi Foundation; Liz",
	title = "A nice shiny photo of the rev2 board - and User Guide news",
	year = "2012",
	url = "http://www.raspberrypi.org/archives/1959",
	note = "[Online; abgerufen am 2013-12-09]"
}

@ONLINE{ rpibplus,
	author = "Lucasbosch",
	title = "Raspberry Pi B+ top",
	year = "2014",
	url = "http://commons.wikimedia.org/wiki/File:Raspberry_Pi_B%2B_top.jpg",
	note = "[Online; abgerufen am 2014-08-05]"
}

@ONLINE{ rpi2b,
	author = "Multicherry",
	title = "Raspberry Pi 2 Model",
	year = "2016",
	url = "https://commons.wikimedia.org/wiki/File:Raspberry_Pi_2_Model_B_v1.1_top_new.jpg",
	note = "[Online; abgerufen am 2016-01-07]"
}

@ONLINE{ raspbian,
	author = "Raspbian Contributors",
	title = "Welcome to Raspbian",
	year = "2014",
	url = "http://www.raspbian.org/",
	note = "[Online; abgerufen am 2014-08-05]"
}

@ONLINE{ install,
	author = "Jan Karres",
	title = "Raspberry Pi: Raspbian installieren",
	year = "2014",
	url = "http://jankarres.de/2012/08/raspberry-pi-raspbian-installieren/",
	note = "[Online; abgerufen am 2014-08-05]"
}

@ONLINE{ lease,
	author = "Wikipedia",
	title = "Dynamic Host Configuration Protocol, Manuelle Zuordnung",
	year = "2014",
	url = "http://de.wikipedia.org/wiki/Dynamic_Host_Configuration_Protocol#Manuelle_Zuordnung",
	note = "[Online; abgerufen am 2014-08-05]"
}

@ONLINE{ rpidesktop,
	author = "DoktorRPI",
	title = "Installation des Remote Desktop Servers xrdp",
	year = "2014",
	url = "http://raspberry-hardware.com/installation-des-remote-desktop-servers-xrdp/",
	note = "[Online; abgerufen am 2014-08-13]"
}

@ONLINE{ putty,
	author = "PuTTY Team Members",
	title = "PuTTY Download Page",
	year = "2014",
	url = "http://www.chiark.greenend.org.uk/~sgtatham/putty/download.html",
	note = "[Online; abgerufen am 2014-08-13]"
}

@ONLINE{ wax1,
	author = "wax.at Community",
	title = "Forum; Wir erstellen unseren Wunsch - Infoscreen",
	year = "2014",
	url = "http://www.wax.at/modules/Forums/index.php?showtopic=6523&st=120",
	note = "[Online; abgerufen am 2014-09-26]"
}

@ONLINE{ iceweasel,
	author = "Wikipedia",
	title = "Namensstreit zwischen Debian und Mozilla",
	year = "2015",
	url = "http://de.wikipedia.org/wiki/Namensstreit_zwischen_Debian_und_Mozilla",
	note = "[Online; abgerufen am 2015-02-28]"
}

@ONLINE{ rkiosk,
	author = "Kimmo Heinaaro",
	title = "Mozilla Add-Ons, R-kiosk",
	year = "2015",
	url = "https://addons.mozilla.org/de/firefox/addon/r-kiosk/",
	note = "[Online; abgerufen am 2015-02-28]"
}

@ONLINE{ wikirpi,
	author = "Wikipedia",
	title = "Raspberry Pi, Eigenschaften",
	year = "2015",
	url = "https://de.wikipedia.org/wiki/Raspberry_Pi#Eigenschaften",
	note = "[Online; abgerufen am 2015-01-02]"
}



